<record><leader>00000cas a2200000 a 4500</leader><controlfield tag="001">11397081</controlfield><controlfield tag="008">841117d19531955hiuwr ne      0    0eng d</controlfield><datafield ind1=" " ind2=" " tag="010"><subfield code="a">sn 84045317 </subfield></datafield><datafield ind1=" " ind2=" " tag="040"><subfield code="a">HUH</subfield><subfield code="b">eng</subfield><subfield code="c">HUH</subfield><subfield code="d">HWN</subfield><subfield code="d">OCL</subfield><subfield code="d">OCLCQ</subfield><subfield code="d">OCLCF</subfield><subfield code="d">OCLCO</subfield></datafield><datafield ind1=" " ind2=" " tag="042"><subfield code="a">msc</subfield></datafield><datafield ind1=" " ind2=" " tag="043"><subfield code="a">n-us-hi</subfield></datafield><datafield ind1=" " ind2=" " tag="090"><subfield code="a">AN2</subfield><subfield code="b">.R88</subfield></datafield><datafield ind1="0" ind2=" " tag="130"><subfield code="a">Rural reporter (Wahiawa, Hawaii : 1953)</subfield></datafield><datafield ind1="1" ind2="0" tag="245"><subfield code="a">Rural reporter.</subfield></datafield><datafield ind1="1" ind2="7" tag="246"><subfield code="a">Rural Oahu reporter</subfield></datafield><datafield ind1=" " ind2=" " tag="260"><subfield code="a">Wahiawa, Oahu, Hawaii :</subfield><subfield code="b">s.n.,</subfield><subfield code="c">1953-1955.</subfield></datafield><datafield ind1=" " ind2=" " tag="300"><subfield code="a">3 v. :</subfield><subfield code="b">ill. ;</subfield><subfield code="c">45 cm.</subfield></datafield><datafield ind1=" " ind2=" " tag="310"><subfield code="a">Weekly</subfield></datafield><datafield ind1="0" ind2=" " tag="362"><subfield code="a">Vol. 4, no. 35 (May 13, 1953)-v. 6, no. 33 (Aug. 24, 1955).</subfield></datafield><datafield ind1=" " ind2="0" tag="651"><subfield code="a">Hawaii</subfield><subfield code="v">Newspapers.</subfield></datafield><datafield ind1=" " ind2="7" tag="655"><subfield code="a">Newspapers.</subfield><subfield code="2">fast</subfield><subfield code="0">(OCoLC)fst01423814</subfield></datafield><datafield ind1=" " ind2="7" tag="651"><subfield code="a">Hawaii.</subfield><subfield code="2">fast</subfield><subfield code="0">(OCoLC)fst01208724</subfield></datafield><datafield ind1=" " ind2=" " tag="752"><subfield code="a">United States</subfield><subfield code="b">Hawaii</subfield><subfield code="c">Honolulu</subfield><subfield code="d">Wahiawa.</subfield></datafield><datafield ind1="0" ind2="0" tag="780"><subfield code="t">Rural Oahu reporter</subfield><subfield code="w">(DLC)sn 84045316</subfield><subfield code="w">(OCoLC)11397078</subfield></datafield></record>